@article{riehl-verity:reedy,
  title={The theory and practice of Reedy categories},
  author={Riehl, Emily and Verity, Dominic},
  journal={arXiv preprint arXiv:1304.6871},
  year={2013}
}

@book{lurie:htt,
  title={Higher topos theory},
  author={Lurie, Jacob},
  series={Annals of Mathematics Studies},
  number={170},
  year={2009},
  publisher={Princeton University Press}
}

